@misc{dynasystem-web,
	title = {{DYNAsystem, dinamómetro funcional, por SYMOTECH}},
	note = {Landing del producto disponible en \url{https://www.dynasystem.es}.}
}

@misc{github-adrian,
	title = {{Github.com, perfil de Adrián Morente Gabaldón. Repositorio dedicado para el proyecto}},
	note = {Disponible en \url{https://github.com/adrianmorente/meta-dynasystem}.}
}

@misc{yocto-project,
	title = {{Yocto Project - It's not an embedded Linux distribution. It creates a custom one for you.}},
	howpublished = {\url{https://www.yoctoproject.org/}}
}

@misc{yocto-project-quick-start,
	title = {{Yocto Project Quick Start Manual}},
	howpublished = {\url{https://www.yoctoproject.org/docs/2.4.2/yocto-project-qs/yocto-project-qs.html}}
}

@misc{yocto-project-quick-start-build-system,
	title = {{Yocto Project Quick Start Manual - Setting up to use the Yocto Project}},
	howpublished = {\url{https://www.yoctoproject.org/docs/2.4.2/yocto-project-qs/yocto-project-qs.html#yp-resources}}
}

@misc{via-mini-itx,
	title = {{Embedded Mini-ITX Boards - VIA Technologies}},
	howpublished = {\url{https://www.viatech.com/en/boards/mini-itx/}}
}

@misc{gridx,
	title = {{gridX - Juntos damos forma a la transición energética}},
	howpublished = {\url{https://gridx.de/}}
}

@misc{gridbox,
	title = {{gridBox - Producto oficial de gridX}},
	howpublished = {\url{https://gridx.de/produkt/gridbox/}}
}

@misc{secure-ota-update,
	title = {{Secure OTA Update - Embedded Linux Wiki}},
	howpublished = {\url{https://elinux.org/Secure_OTA_Update}}
}

@misc{mender-use-cases,
	title = {{Use cases - Mender.io}},
	howpublished = {\url{https://mender.io/product/use-cases}}
}

@misc{mcdonalds-pantalla-tactil-pedidos,
	title = {{McDonald's abrirá su primera sucursal digital en México. La orden se pedirá mediante una pantalla táctil [28/04/2018]}},
	howpublished = {\url{http://www.mientrastantoenmexico.mx/mcdonalds-abrira-su-primera-sucursal-digital-en-mexico-la-orden-se-pedira-mediante-una-pantalla-tactil/}}
}

@misc{kinestral,
	title = {{Kinestral - Welcome to the Future. Halio Smart-Tinting Glass}},
	howpublished = {\url{https://www.kinestral.com/}}
}

@misc{halio-glass,
	title = {{"Halio is an improved version electrochromic glass." - Publicación en Twitter.com de @HalioGlass}},
	howpublished = {\url{https://twitter.com/halioglass/status/960573813938446336}}
}

@misc{raspberry-pi-amazon,
	title = {{Precio de Raspberry Pi en Amazon. Precio consultado a día 14 de junio de 2018}},
	howpublished = {\url{https://www.amazon.es/Raspberry-Pi-Modelo-Quad-core-Cortex-A53/dp/B01CD5VC92/ref=sr_1_3?ie=UTF8&qid=1528985414&sr=8-3&keywords=raspberry+pi+3+b}}
}

@misc{monitor-samsung-pccom,
	title = {{Precio de monitor Samsung en PCComponentes. Precio consultado a día 14 de junio de 2018}},
	howpublished = {\url{https://www.pccomponentes.com/samsung-s24d330h-24-led}}
}

@misc{ordenador-sobremesa-pccom,
	title = {{Precio de ordenador de sobremesa en PCComponentes. Precio consultado a día 14 de junio de 2018}},
	howpublished = {\url{https://www.pccomponentes.com/pccom-startup2-intel-core-i5-7500-8gb-2tb-120gb-gtx-1050}}
}

@misc{combo-teclado-logitech-pccom,
	title = {{Precio de combo teclado y ratón en PCComponentes. Precio consultado a día 14 de junio de 2018}},
	howpublished = {\url{https://www.pccomponentes.com/logitech-desktop-mk120}}
}

@misc{tarjeta-micro-sd-amazon,
	title = {{Precio de tarjetas Micro SD en Amazon. Búsqueda realizada a día 14 de junio de 2018}},
	howpublished = {\url{https://www.amazon.es/s/gp/search/ref=sr_nr_p_n_feature_browse-b_1?fst=as%3Aoff&rh=n%3A667049031%2Ck%3Atarjeta+micro+sd%2Cp_n_feature_browse-bin%3A948151031%7C948152031%7C948150031&keywords=tarjeta+micro+sd&ie=UTF8&qid=1528986007&rnid=948148031}}
}

@misc{yocto-manual-own-distro,
	title = {{Creating your own distribution - Yocto Project Mega Manual}},
	howpublished = {\url{https://www.yoctoproject.org/docs/2.4/mega-manual/mega-manual.html#creating-your-own-distribution}}
}

@misc{imagen-buildroot-rpi-yocto,
	title = {{Using Buildroot for IoT Projects}},
	howpublished = {\url{http://bytesandbolts.com/using-buildroot-for-iot-projects/}}
}

@misc{yocto-layers-list,
	title = {{Lista de layers disponibles en the Yocto Project}},
	howpublished = {\url{http://layers.openembedded.org/layerindex/branch/master/layers/}}
}

@misc{wiki-yocto-own-layer,
	title = {{Yocto Project Wiki - Using own layer from first principles}},
	howpublished = {\url{https://wiki.yoctoproject.org/wiki/Building_your_own_recipes_from_first_principles#Using_a_new_layer_for_recipes}}
}

@misc{wiki-yocto-patches,
	title = {{Yocto Project Wiki - Patching the source for a recipe}},
	howpublished = {\url{https://wiki.yoctoproject.org/wiki/TipsAndTricks/Patching_the_source_for_a_recipe}}
}

@misc{meta-swupd,
	title = {{Meta layer for swupd software-update}},
	howpublished = {\url{http://git.yoctoproject.org/cgit/cgit.cgi/meta-swupd}}
}

@misc{meta-swupdate,
	title = {{meta-swupdate, Yocto layer for deploy tool}},
	howpublished = {\url{https://github.com/sbabic/meta-swupdate}}
}

@misc{meta-mender,
	title = {{meta-mender, Yocto layer for Mender.io software updater}},
	howpublished = {\url{https://github.com/mendersoftware/meta-mender}}
}

@misc{meta-updater,
	title = {{meta-updater, Yocto layer for OSTree software updater}},
	howpublished = {\url{https://github.com/advancedtelematic/meta-updater}}
}

@misc{meta-rauc,
	title = {{Yocto meta layer for RAUC, the embedded Linux update framework}},
	howpublished = {\url{https://github.com/rauc/meta-rauc}}
}

@misc{northern-tech,
	title = {{Northern Tech - Página web oficial}},
	howpublished = {\url{https://northern.tech/}}
}

@misc{docs-mender,
	title = {{Mender Documentation - Building a Mender Yocto Project image}},
	howpublished = {\url{https://docs.mender.io/1.5/artifacts/building-mender-yocto-image}}
}

@misc{yocto-system-update,
	title = {{Actualización del sistema - The Yocto Project}},
	howpublished = {\url{https://wiki.yoctoproject.org/wiki/System_Update}}
}

@misc{buildroot,
	title = {{Buildroot - Making embedded Linux easy}},
	howpublished = {\url{https://buildroot.org/}}
}

@misc{linux-from-scratch,
	title = {{Linux from scratch}},
	howpublished = {\url{http://www.linuxfromscratch.org/}}
}

@misc{qt-device-creation,
	title = {{Qt para creación de dispositivos embebidos - \textit{Qt for Device Creation}}},
	howpublished = {\url{http://doc.qt.io/QtForDeviceCreation/}}
}

@misc{mender-the-new-stack,
	title = {{Mender: An Open Source Software Updater for the Internet of Things}},
	howpublished = {\url{https://thenewstack.io/mender-open-source-iot-software-updater/}}
}

@misc{raspbian,
	title = {{Raspbian - distribución oficial de Linux para Raspberry Pi}},
	howpublished = {\url{https://www.raspberrypi.org/downloads/raspbian/}}
}

@misc{windows-10-iot,
	title = {{Get started with Windows 10 Iot Core}},
	howpublished = {\url{https://docs.microsoft.com/en-us/windows/iot-core/getstarted}}
}

@misc{ubuntu-mate-raspberry,
	title = {{Ubuntu MATE for the Raspberry Pi 2 and Raspberry Pi 3}},
	howpublished = {\url{https://ubuntu-mate.org/raspberry-pi/}}
}

@misc{tesla-system-hacked,
	title = {{Chinese group hacks a Tesla for the second year in a row}},
	howpublished = {\url{https://eu.usatoday.com/story/tech/2017/07/28/chinese-group-hacks-tesla-second-year-row/518430001/}}
}

@book{embedded-software-know-it-all,
	author = {Labrosse, Ganssle, Noergaard, Oshana, Walls, Curtis, Andrews, Katz, Gentile, Hyder, Perrin},
	title = {EMBEDDED SOFTWARE - know it all | Newnes},
	OPTisbn = {978-0-7506-8583-2}
}

@book{embedded-software-know-it-all-bsp,
	author = {Labrosse, Ganssle, Noergaard, Oshana, Walls, Curtis, Andrews, Katz, Gentile, Hyder, Perrin},
	title = {EMBEDDED SOFTWARE - know it all - 3.8th Chapter: OSes and Board Support Packages (BSPs) | Newnes},
	OPTisbn = {978-0-7506-8583-2}
}

@book{real-time-uml-introduction,
	author = {Bruce Powel Douglass},
	title = {Real-time UML. Developing efficient objects for Embedded Systems - 1st Chapter: Introduction to real-time systems and objects | 2nd Edition | Addison-Wesley},
	date = {Mayo de 2002},
	OPTisbn = {0-201-65784-8},
}

@book{real-time-uml-model-based-development,
	author = {Bruce Powel Douglass},
	title = {Real-time UML. Developing efficient objects for Embedded Systems - 1.3rd Chapter: Model-Based Development | 2nd Edition | Addison-Wesley},
	date = {Mayo de 2002},
	OPTisbn = {0-201-65784-8},
}

@book{real-time-uml-use-cases,
	author = {Bruce Powel Douglass},
	title = {Real-time UML. Developing efficient objects for Embedded Systems - 2.1st Chapter: Requirements analysis of real-time systems | 2nd Edition | Addison-Wesley},
	OPTisbn = {0-201-65784-8}
}

@book{embedded-real-time-systems-embedded-systems,
	author = {Jean Paul Calvez},
	title = {Embedded real-time systems. A specification and design methodology - 2.3rd Chapter: Embedded systems | Wiley},
	OPTisbn = {0-471-93563-8}
}

@misc{whats-iot,
	title = {{What's the Internet of Things? - Matt Burgess en WIRED, 16 de febrero de 2018}},
	howpublished = {\url{http://www.wired.co.uk/article/internet-of-things-what-is-explained-iot}},
}

@misc{zigbee-products,
	title = {{Productos que implementan el protocolo ZigBee}},
	howpublished = {\url{http://www.zigbee.org/zigbee-products-2/}}
}

@misc{yocto-vs-buildroot-event,
	title = {{Buildroot vs. OpenEmbedded/Yocto Project: A Four Hands Discussion}},
	howpublished = {\url{https://events.static.linuxfound.org/sites/events/files/slides/belloni-petazzoni-buildroot-oe_0.pdf}}
}

@misc{qt-automotive,
	title = {{Qt Automotive Suite}},
	howpublished = {\url{https://www.qt.io/qt-automotive-suite/}}
}

@misc{raspberry-pi,
	title = {{Documentación de Raspberry Pi - Página oficial}},
	howpublished = {\url{https://www.raspberrypi.org/documentation/}}
}

@misc{raspberry-pi-3-model-b,
	title = {{Raspberry Pi 3 Model B - Página oficial}},
	howpublished = {\url{https://www.raspberrypi.org/products/raspberry-pi-3-model-b/}}
}

@misc{raspberry-pi-3-model-b-specs,
	title = {{Raspberry Pi 3 Model B, Technical Specifications - Element14}},
	howpublished = {\url{https://www.element14.com/community/docs/DOC-80899/l/raspberry-pi-3-model-b-technical-specifications}}
}

@misc{mender-raspberry-pi,
	title = {{La Raspberry Pi 3 se convierte en el dispositivo de referencia de Mender}},
	howpublished = {\url{https://mender.io/blog/mender-1-3-beta-raspberry-pi-3}}
}

@misc{kconfig,
	title = {{Documentación de Kconfig - Lenguaje de programación para configuración del kernel Linux}},
	howpublished = {\url{https://www.kernel.org/doc/Documentation/kbuild/kconfig-language.txt}}
}

@misc{make-tool,
	title = {{Manual de Make - Herramienta de compilación}},
	howpublished = {\url{http://man7.org/linux/man-pages/man1/make.1.html}}
}

@misc{odroid-products,
	title = {{Tipos de placas Odroid - HardKernel store}},
	howpublished = {\url{http://www.hardkernel.com/main/main.php}}
}

@misc{asus-tinkerboard,
	title = {{Información sobre Asus Tinker Board - Página oficial de ASUS}},
	howpublished = {\url{https://www.asus.com/uk/Single-Board-Computer/Tinker-Board/}}
}

@misc{arduino-store,
	title = {{Diferentes productos de Arduino - Tienda oficial}},
	howpublished = {\url{https://store.arduino.cc/}}
}